<?xml version="1.0" encoding="UTF-8"?>
<collection xmlns="http://www.loc.gov/MARC21/slim">
    <record>
        <leader>00000nz  a2200169   4500</leader>
        <controlfield tag="001">30003645</controlfield>
        <controlfield tag="003">RISM</controlfield>
        <controlfield tag="005">20160216</controlfield>
        <controlfield tag="008">160216n||az|||||||##########||||||||||||</controlfield>
        <datafield tag="040" ind1=" " ind2=" ">
            <subfield code="a">L-Le</subfield>
        </datafield>
        <datafield tag="043" ind1=" " ind2=" ">
            <subfield code="c">XA-LU</subfield>
        </datafield>
        <datafield tag="110" ind1="2" ind2=" ">
            <subfield code="a">Conservatoire de musique, Bibliothèque</subfield>
            <subfield code="c">Luxembourg</subfield>
            <subfield code="g">L-Le</subfield>
        </datafield>
        <datafield tag="622" ind1=" " ind2=" ">
            <subfield code="e">Conservatoire de musique, Bibliothèque, 33, rue Charles Martel, 2134 Luxembourg, Luxembourg</subfield>
            <subfield code="u">http://www.conservatoire.lu/</subfield>
        </datafield>
    </record>