
    <record>
        <leader>00000nz  a2200169   4500</leader>
        <controlfield tag="001">30003127</controlfield>
        <controlfield tag="003">RISM</controlfield>
        <controlfield tag="005">20160216</controlfield>
        <controlfield tag="008">160216n||az|||||||##########||||||||||||</controlfield>
        <datafield tag="040" ind1=" " ind2=" ">
            <subfield code="a">L-Ln</subfield>
        </datafield>
        <datafield tag="043" ind1=" " ind2=" ">
            <subfield code="c">XA-LU</subfield>
        </datafield>
        <datafield tag="110" ind1="2" ind2=" ">
            <subfield code="a">Bibliothèque nationale</subfield>
            <subfield code="c">Luxembourg</subfield>
            <subfield code="g">L-Ln</subfield>
        </datafield>
        <datafield tag="410" ind1="2" ind2=" ">
            <subfield code="a">Nationalbibliothéik</subfield>
        </datafield>
        <datafield tag="622" ind1=" " ind2=" ">
            <subfield code="e">Bibliothèque nationale, 37, Boulevard F.D. Roosevelt, 2450 Luxembourg, Luxembourg</subfield>
            <subfield code="u">http://www.bnl.lu</subfield>
        </datafield>
    </record>
</collection>

